@inproceedings{cooper2010benchmarking,
  title={Benchmarking cloud serving systems with YCSB},
  author={Cooper, Brian F and Silberstein, Adam and Tam, Erwin and Ramakrishnan, Raghu and Sears, Russell},
  booktitle={Proceedings of the 1st ACM symposium on Cloud computing},
  pages={143--154},
  year={2010},
  organization={ACM}
}

@incollection{codd2001relational,
  title={A relational model of data for large shared data banks},
  author={Codd, Edgar F},
  booktitle={Pioneers and Their Contributions to Software Engineering},
  pages={61--98},
  year={2001},
  publisher={Springer}
}

@article{vogels2009eventually,
  title={Eventually consistent},
  author={Vogels, Werner},
  journal={Communications of the ACM},
  volume={52},
  number={1},
  pages={40--44},
  year={2009},
  publisher={ACM}
}

@article{bernstein1983multiversion,
  title={Multiversion concurrency control theory and algorithms},
  author={Bernstein, Philip A and Goodman, Nathan},
  journal={ACM Transactions on Database Systems (TODS)},
  volume={8},
  number={4},
  pages={465--483},
  year={1983},
  publisher={ACM}
}

@article{abadi2012consistency,
  title={Consistency tradeoffs in modern distributed database system design: CAP is only part of the story},
  author={Abadi, Daniel},
  journal={Computer},
  volume={45},
  number={2},
  pages={37--42},
  year={2012},
  publisher={IEEE}
}


@article{kwon2013managing,
  title={Managing Skew in Hadoop},
  author={Kwon, YongChul and Ren, Kai and Balazinska, Magdalena and Howe, Bill and Rolia, Jerome},
  journal={IEEE Data Eng. Bull},
  volume={36},
  number={1},
  pages={24--33},
  year={2013}
}

@inproceedings{ananthanarayanan2010reining,
  title={Reining in the Outliers in Map-Reduce Clusters using Mantri.},
  author={Ananthanarayanan, Ganesh and Kandula, Srikanth and Greenberg, Albert G and Stoica, Ion and Lu, Yi and Saha, Bikas and Harris, Edward},
  booktitle={OSDI},
  volume={10},
  number={1},
  pages={24},
  year={2010}
}

@inproceedings{walton1991taxonomy,
  title={A Taxonomy and Performance Model of Data Skew Effects in Parallel Joins.},
  author={Walton, Christopher B and Dale, Alfred G and Jenevein, Roy M},
  booktitle={VLDB},
  volume={91},
  pages={537--548},
  year={1991}
}

@article{agrawal2010big,
  title={Big data and cloud computing: new wine or just new bottles?},
  author={Agrawal, Divyakant and Das, Sudipto and El Abbadi, Amr},
  journal={Proceedings of the VLDB Endowment},
  volume={3},
  number={1-2},
  pages={1647--1648},
  year={2010},
  publisher={VLDB Endowment}
}

@article{aslett2013451,
  title={451 Market Monitor Cloud Computing: Overview Report 2013},
  author={Yulitza Peraza, Greg Zwakman},
  journal={451 Research},
  volume={5},
  year={2013}
}

@inproceedings{kwon2012skewtune,
  title={Skewtune: mitigating skew in mapreduce applications},
  author={Kwon, YongChul and Balazinska, Magdalena and Howe, Bill and Rolia, Jerome},
  booktitle={Proceedings of the 2012 ACM SIGMOD International Conference on Management of Data},
  pages={25--36},
  year={2012},
  organization={ACM}
}

@misc{NoSQLdatabases,
  author = {Christof Strauch},
  title = {NoSQL Databases},
  year = {2010},
  pages= {1--8},
  note = {\url{http://nosql-database.org/}}
}

@incollection{jin2010cloud,
  title={Cloud types and services},
  author={Jin, Hai and Ibrahim, Shadi and Bell, Tim and Gao, Wei and Huang, Dachuan and Wu, Song},
  booktitle={Handbook of Cloud Computing},
  pages={335--355},
  year={2010},
  publisher={Springer}
}

@article{fox2009above,
  title={Above the clouds: A Berkeley view of cloud computing},
  author={Fox, Armando and Griffith, Rean and Joseph, A and Katz, R and Konwinski, A and Lee, G and Patterson, D and Rabkin, A and Stoica},
  journal={Dept. Electrical Eng. and Comput. Sciences, University of California, Berkeley, Rep. UCB/EECS},
  volume={28},
  year={2009}
}

@article{mell2011nist,
  title={The NIST definition of cloud computing (draft)},
  author={Mell, Peter and Grance, Timothy},
  journal={NIST special publication},
  volume={800},
  pages={145},
  year={2011}
}

@article{lynch2008cloud,
  title={The Cloud Wars: \$100+ billion at stake},
  author={Lynch, Merrill},
  journal={Merrill Lynch},
  year={2008}
}



@misc{amazon:aws,
  author =   {Amazon, Inc.},
  title =    {Amazon Web Services},
  year =     {2013},
  note =     {\url{http://aws.amazon.com/}. Accessed 11.6.2013.}
}

@misc{Azure,
  author =   {Microsoft, Inc.},
  title =    {Windows Azure web page},
  year =     {2013},
  note =     {\url{http://www.microsoft.com/en-us/server-cloud/windows-azure.aspx}. Accessed 11.6.2013.}
 }

@misc{Azure:description,
  author =   {Microsoft, Inc.},
  title =    {Windows Azure Documentation},
  year =     {2013},
  note =     {\url{http://www.windowsazure.com/en-us/develop/net/fundamentals/intro-to-windows-azure/}. Accessed 11.6.2013.}
}


@misc{RackSpace,
  author =   {Rackspace, Inc.},
  title =    {RackSpace web page},
  year =     {2013},
  note =     {\url{http://www.rackspace.com/}. Accessed 25.4.2013.}
}

@misc{heroku,
  author =   {Heroku, Inc.},
  title =    {Heroku web page},
  year =     {2013},
  note =     {\url{http://www.heroku.com/}. Accessed 11.6.2013.}
}

@misc{Heroku:gigaom,
author = {Derrick Harris},
title = {Heroku boss: 1.5M apps, many not in Ruby},
month = May,
year = {2012},
url = {\url{http://www.gigaom.com/2012/05/04/heroku-boss-1-5m-apps-many-not-in-ruby/}. Accessed 11.7.2013.}
}

@misc{MemstoreSematext,
author = {Alex Baranau},
title = {Configuring HBase Memstore: What You Should Know},
month = {July},
year = {2012},
url = {\url{http://blog.sematext.com/2012/07/16/hbase-memstore-what-you-should-know}. Accessed 11.7.2013.}
}

@misc{MemstoreGBif,
author = {Oliver Meyn},
title = {Optimizing Writes in HBase},
month = {July},
year = {2012},
url = {\url{http://gbif.blogspot.fi/2012/07/optimizing-writes-in-hbase.html}. Accessed 11.7.2013.}
}

@misc{SmallFiles,
author = {Tom White},
title = {The Small Files Problem},
month = {February},
year = {2009},
url = {\url{http://blog.cloudera.com/blog/2009/02/the-small-files-problem/}. Accessed 22.6.2013.}
}

@misc{Rackspace:forbes,
author = {Eric Savitz},
title = {Rackspace Slides After Hours As Q4 Revs Miss Street Views},
month = {February},
year = {2013},
url = {\url{http://www.forbes.com/sites/ericsavitz/2013/02/12/rackspace-slides-after-hours-as-q4-rev-miss-street-views/}. Accessed 10.4.2013.}
}

@misc{MSLAB,
author = {Todd Lipcon},
title = {Avoiding Full GCs with MemStore-Local Allocation Buffers Cloudera Presentation},
month = {February},
year = {2012},
url = {\url{http://www.slideshare.net/cloudera/hbase-hug-presentation}. Accessed 8.7.2013.}
}



@misc{MSLABexplained,
author = {Todd Lipcon},
title = {Avoiding Full GCs in Apache HBase with MemStore-Local Allocation Buffers},
month = {April},
year = {2012},
url = {\url{http://blog.cloudera.com/blog/2011/02/avoiding-full-gcs-in-hbase-with-memstore-local-allocation-buffers-part-1/}. Accessed 8.7.2013.}
}

@misc{TFile,
author = {Hong Tang},
title = {TFile Specification},
url = {\url{https://issues.apache.org/jira/secure/attachment/12396286/TFile+Specification+20081217.pdf}}
}


@misc{HBase5728,
author = {Bing Li, Jimmy Xiang},
title = {Methods Missing in HTableInterface},
month = {April},
year = {2012},
url = {\url{https://issues.apache.org/jira/browse/HBASE-5728}. Accessed 5.7.2013.}
}



@book{jiang2012hbase,
  title={HBase Administration Cookbook},
  author={Jiang, Yifeng},
  year={2012},
  publisher={Packt Publishing}
}

@misc{LoadBalancer,
author = {Ted Yu},
title = {Load Balancer in HBase 0.90},
month = {April},
year = {2011},
url = {\url{http://zhihongyu.blogspot.fi/2011/04/load-balancer-in-hbase-090.html}. Accessed 15.7.2013.}
}

@misc{OpenShift,
  author =   {Red Hat, Inc.},
  title =    {OpenShift web page},
  year =     {2011},
  note =     {\url{https://www.openshift.com/}. Accessed 11.6.2013.}
}

@misc{Force.com,
  author =   {Salesforce Inc.},
  title =    {Force.com web page},
  year =     {2008},
  note =     {\url{https://www.force.com /}. Accessed 11.6.2013.}
}


@misc{OpenShiftOrigin,
  author =   {Red Hat, Inc.},
  title =    {OpenShift Origin source code},
  year =     {2011},
  note =     {\url{https://github.com/openshift}. Accessed 11.6.2013.}
}

@misc{Dropbox,
  author =   {Dropbox, Inc.},
  title =    {Dropbox web page},
  year =     {2008},
  note =     {\url{http://www.dropbox.com}. Accessed 11.6.2013.}
}

@misc{Dropbox:thanks,
  author =   {Drew Houston},
  title =    {Dropbox Thanks a (hundred) million},
  year =     {2012},
  note =     {\url{https://blog.dropbox.com/2012/11/thanks-a-hundred-million/}. Accessed 11.6.2013.}
}

@misc{CompressionHadoop,
  author =   {RainStor Inc.},
  title =    {Data Compression in Hadoop},
  year =     {2013},
  note =     {\url{http://comphadoop.weebly.com/}. Accessed 11.8.2013.}
}

@misc{CompressionComparison,
  author =   {Erdem Agaoglu},
  title =    {{LZO} vs {Snappy} vs {LZF} vs {ZLIB}, A comparison of compression algorithms for fat cells in HBase},
  year =     {2013},
  note =     {\url{http://blog.erdemagaoglu.com/post/4605524309/lzo-vs-snappy-vs-lzf-vs-zlib-a-comparison-of}. Accessed 11.8.2013.}
}

@misc{ComputerworldNoSQL,
  author =   {Eric Lai},
  title =    {Computerworld: No to SQL Anti-database movement gains steam},
  year =     {2009},
  note =     {\url{http://www.computerworld.com/s/article/9135086/}. Accessed 4.8.2013.}
}


@misc{DBEnginesRanking,
  author =   {Solid IT},
  title =    {DB-Engines Ranking of DBMS},
  year =     {2013},
  note =     {\url{http://db-engines.com/en/ranking}. Accessed 6.5.2013.}
}


@misc{Dropbox:sheet,
  author =   {Dropbox, Inc.},
  title =    {Dropbox Fact Sheet},
  year =     {2012},
  note =     {\url{https://www.dropbox.com/static/docs/DropboxFactSheet.pdf}. Accessed 11.6.2013.}
}

@misc{Salesforce.com,
  author =   {Salesforce.com Inc.},
  title =    {Salesfoce.com web page},
  year =     {2008},
  note =     {\url{http://www.salesforce.com}. Accessed 11.6.2013.}
}

@misc{GoogleApps,
  author =   {Google Inc.},
  title =    {Google Apps web page},
  year =     {2008},
  note =     {\url{http://www.google.com/enterprise/apps/business/}. Accessed 11.6.2013.}
}

@misc{MySQL,
  author =   {Oracle Inc.},
  title =    {MySQL web page},
  year =     {2008},
  note =     {\url{http://www.mysql.com}. Accessed 11.6.2013.}
}

@misc{CloudGoogle,
  author =   {Google Inc.},
  title =    {Google Cloud Platform web page},
  year =     {2013},
  note =     {\url{https://cloud.google.com/}. Accessed 11.6.2013.}
}

@article{strauch2011nosql,
  title={NoSQL databases},
  author={Strauch, Christof and Sites, Ultra-Large Scale and Kriha, Walter},
  journal={URL: http://www. christof-strauch. de/nosqldbs. pdf},
  year={2011}
}

@misc{CloudBees,
  author =   {CoudBees Inc.},
  title =    {CloudBees web page},
  year =     {2013},
  note =     {\url{http://www.cloudbees.com/}. Accessed 11.6.2013.}
}

@misc{Forqlift,
  author =   {Q Etahn McCallum},
  title =    {Forqlift web page},
  year =     {2013},
  note =     {\url{http://www.exmachinatech.net/projects/forqlift/}. Accessed 20.4.2013.}
}


@misc{ApacheAccumulo,
  author =   {The Apache Software Foundation},
  title =    {Apache Accumulo web page},
  year =     {2011},
  note =     {\url{http://accumulo.apache.org/}. Accessed 25.5.2013.}
}

@misc{ApacheCassandra,
  author =   {The Apache Software Foundation},
  title =    {Apache Cassandra web page},
  year =     {2009},
  note =     {\url{http://accumulo.apache.org/}. Accessed 25.5.2013.}
}

@misc{HyperTable,
  author =   {HyperTable Inc.},
  title =    {HyperTable web page},
  year =     {2012},
  note =     {\url{http://hypertable.org/}. Accessed 25.5.2013.}
}



@misc{ApacheHadoop,
  author =   {The Apache Software Foundation},
  title =    {Apache Hadoop web page},
  year =     {2006},
  note =     {\url{http://hadoop.apache.org/}. Accessed 25.4.2013.}
}

@misc{ApacheHBase,
  author =   {The Apache Software Foundation},
  title =    {Apache HBase web page},
  year =     {2012},
  note =     {\url{http://hbase.apache.org/}. Accessed 25.4.2013.}
}


@misc{ApacheHBaseLogs,
  author =   {The Apache Software Foundation},
  title =    {Apache HBase web page},
  year =     {2012},
  note =     {\url{http://hbase.apache.org/book/trouble.log.html}. Accessed 8.7.2013.}
}

@misc{ApacheHBaseBulkLoad,
  author =   {The Apache Software Foundation},
  title =    {Apache HBase web page},
  year =     {2012},
  note =     {\url{http://hbase.apache.org/book/arch.bulk.load.html}. Accessed 2.7.2013.}
}

@misc{ApacheHBaseMSLAB,
  author =   {The Apache Software Foundation},
  title =    {Apache HBase book web page},
  year =     {2012},
  note =     {\url{http://hbase.apache.org/book/jvm.html}. Accessed 8.7.2013.}
}



@misc{ApacheHBaseDataModel,
  author =   {The Apache Software Foundation},
  title =    {Apache HBase book web page},
  year =     {2012},
  note =     {\url{http://hbase.apache.org/book/datamodel.html}. Accessed 25.7.2013.}
}

@misc{ApacheHBaseCompression,
  author =   {The Apache Software Foundation},
  title =    {Apache HBase book web page},
  year =     {2012},
  note =     {\url{http://hbase.apache.org/book/important_configurations.html Compression}. Accessed 16.7.2013.}
}

@misc{ApacheHBaseWAL,
  author =   {The Apache Software Foundation},
  title =    {Apache HBase book web page},
  year =     {2012},
  note =     {\url{http://hbase.apache.org/book/perf.writing.html}. Accessed 13.7.2013.}
}

@misc{ApacheHadoopSequenceFile,
  author =   {The Apache Software Foundation},
  title =    {Apache Hadoop wiki page},
  year =     {2012},
  note =     {\url{http://wiki.apache.org/hadoop/SequenceFile}. Accessed 20.6.2013.}
}

@misc{GZip,
  author =   {GNU project},
  title =    {GZip web page},
  year =     {2013},
  note =     {\url{http://www.gnu.org/software/gzip/}. Accessed 25.7.2013.}
}

@misc{Snappy,
  author =   {Google Inc.},
  title =    {Snappy web page},
  year =     {2013},
  note =     {\url{https://code.google.com/p/snappy/}. Accessed 25.7.2013.}
}


@misc{Xen,
  author =   {The Xen Project},
  title =    {Xen Project web page},
  year =     {2013},
  note =     {\url{http://www.xen.org/}. Accessed 11.6.2013.}
}

@misc{Cloudera,
  author =   {Cloudera, Inc.},
  title =    {Cloudera web page},
  year =     {2013},
  note =     {\url{http://www.cloudera.com/}. Accessed 1.4.2013.}
}

@misc{ClouderaCDH,
  author =   {Cloudera, Inc.},
  title =    {Cloudera web page},
  year =     {2013},
  note =     {\url{http://www.cloudera.com/content/cloudera/en/products/cdh.html}. Accessed 1.4.2013.}
}

@misc{YCSB,
  author =   {Yahoo! Labs},
  title =    {YCSB web page},
  year =     {2010},
  note =     {\url{http://labs.yahoo.com/Web_Information_Management/YCSB/}. Accessed 5.6.2013.}
}


 @misc{wiki:cloud,
   author = {Wikipedia},
   title = {Cloud Computing --- {W}ikipedia{,} The Free Encyclopedia},
   year = {2013},
   url = {http://en.wikipedia.org/wiki/Cloud_computing#Deployment_models},
   note = {Online; accessed 10-June-2013}
 }

 @misc{wiki:consistency,
   author = {Wikipedia},
   title = {Consistency model --- {W}ikipedia{,} The Free Encyclopedia},
   year = {2013},
   url = {http://en.wikipedia.org/wiki/Consistency_model},
   note = {Online; accessed 10-June-2013}
 }

@inproceedings{corbett2012spanner,
  title={Spanner: Google's globally-distributed database},
  author={Corbett, James C and Dean, Jeffrey and Epstein, Michael and Fikes, Andrew and Frost, Christopher and Furman, JJ and Ghemawat, Sanjay and Gubarev, Andrey and Heiser, Christopher and Hochschild, Peter and others},
  booktitle={Proceedings of OSDI},
  volume={1},
  year={2012}
}

@book{white2012hadoop,
  title={Hadoop: The definitive guide},
  author={White, Tom},
  year={2012},
  publisher={O'Reilly Media, Inc.}
}

@article{cheng2013key,
  title={The Key as Dictionary Compression Method of Inverted Index Table under the Hbase Database},
  author={Cheng, Pengsen and An, Junxiu},
  journal={Journal of Software},
  volume={8},
  number={5},
  pages={1086--1093},
  year={2013}
}

@article{aiyer2012storage,
  title={Storage Infrastructure Behind Facebook Messages: Using HBase at Scale.},
  author={Aiyer, Amitanand S and Bautin, Mikhail and Chen, Guoqiang Jerry and Damania, Pritam and Khemani, Prakash and Muthukkaruppan, Kannan and Ranganathan, Karthik and Spiegelberg, Nicolas and Tang, Liyin and Vaidya, Madhuwanti},
  journal={IEEE Data Eng. Bull.},
  volume={35},
  number={2},
  pages={4--13},
  year={2012}
}

@article{raichand2013short,
  title={A SHORT SURVEY OF DATA COMPRESSION TECHNIQUES FOR COLUMN ORIENTED DATABASES},
  author={Raichand, Priyanka},
  journal={Journal of Global Research in Computer Science},
  volume={4},
  number={7},
  pages={43--46},
  year={2013}
}
@inproceedings{shvachko2010hadoop,
  title={The Hadoop distributed file system},
  author={Shvachko, Konstantin and Kuang, Hairong and Radia, Sanjay and Chansler, Robert},
  booktitle={Mass Storage Systems and Technologies (MSST), 2010 IEEE 26th Symposium on},
  pages={1--10},
  year={2010},
  organization={IEEE}
}

@inproceedings{wang2012nosql,
  title={The NoSQL Principles and Basic Application of Cassandra Model},
  author={Wang, Guoxi and Tang, Jianfeng},
  booktitle={Computer Science \& Service System (CSSS), 2012 International Conference on},
  pages={1332--1335},
  year={2012},
  organization={IEEE}
}

@article{dean2008mapreduce,
  title={MapReduce: simplified data processing on large clusters},
  author={Dean, Jeffrey and Ghemawat, Sanjay},
  journal={Communications of the ACM},
  volume={51},
  number={1},
  pages={107--113},
  year={2008},
  publisher={ACM}
}

@inproceedings{burrows2006chubby,
  title={The {C}hubby lock service for loosely-coupled distributed systems},
  author={Burrows, Mike},
  booktitle={Proceedings of the 7th symposium on Operating systems design and implementation},
  pages={335--350},
  year={2006},
  organization={USENIX Association}
}

@inproceedings{decandia2007dynamo,
  title={Dynamo: amazon's highly available key-value store},
  author={DeCandia, Giuseppe and Hastorun, Deniz and Jampani, Madan and Kakulapati, Gunavardhan and Lakshman, Avinash and Pilchin, Alex and Sivasubramanian, Swaminathan and Vosshall, Peter and Vogels, Werner},
  booktitle={SOSP},
  volume={7},
  pages={205--220},
  year={2007}
}

@article{samar2011scalable,
  title={Scalable Distributed Time-Travel Text Search},
  author={Samar, Thaer and Berberich, Klaus and Weikum, Gerhard},
 journal={FIXXXXXXXXXXX ME},
  year={2011}
}

@inproceedings{ghemawat2003google,
  title={The Google file system},
  author={Ghemawat, Sanjay and Gobioff, Howard and Leung, Shun-Tak},
  booktitle={ACM SIGOPS Operating Systems Review},
  volume={37},
  number={5},
  pages={29--43},
  year={2003},
  organization={ACM}
}

@article{cooper2008pnuts,
  title={PNUTS: Yahoo!'s hosted data serving platform},
  author={Cooper, Brian F and Ramakrishnan, Raghu and Srivastava, Utkarsh and Silberstein, Adam and Bohannon, Philip and Jacobsen, Hans-Arno and Puz, Nick and Weaver, Daniel and Yerneni, Ramana},
  journal={Proceedings of the VLDB Endowment},
  volume={1},
  number={2},
  pages={1277--1288},
  year={2008},
  publisher={VLDB Endowment}
}

@article{chang2008bigtable,
  title={Bigtable: A distributed storage system for structured data},
  author={Chang, Fay and Dean, Jeffrey and Ghemawat, Sanjay and Hsieh, Wilson C and Wallach, Deborah A and Burrows, Mike and Chandra, Tushar and Fikes, Andrew and Gruber, Robert E},
  journal={ACM Transactions on Computer Systems (TOCS)},
  volume={26},
  number={2},
  pages={4},
  year={2008},
  publisher={ACM}
}

@article{padhy2011rdbms,
  title={RDBMS to NoSQL: Reviewing Some Next-Generation Non-Relational Database's},
  author={Padhy, Rabi Prasad and Patra, Manas Ranjan and Satapathy, Suresh Chandra},
  journal={International Journal of Advanced Engineering Science and Technologies},
  volume={11},
  number={1},
  pages={15--30},
  year={2011}
}

@article{pritchett2008base,
  title={Base: An acid alternative},
  author={Pritchett, Dan},
  journal={Queue},
  volume={6},
  number={3},
  pages={48--55},
  year={2008},
  publisher={ACM}
}

@book{gray1993transaction,
  title={Transaction processing},
  author={Gray, Jim and Reuter, Andreas},
  year={1993},
  publisher={Kaufmann}
}

@misc{Strozzi,
  title =	 {NoSQL - A relational database management system},
  author =	 {Carlo Strozzi},
  year =     {2007-2010},
  note =	 {{WWW} page of the article:
                  \url{http://www.strozzi.it/cgi-bin/CSA/tw7/I/en_US/nosql/Home\%20Page}. Accessed
                   10 Apr 2013.}
}

@article{cattell2011scalable,
  title={Scalable SQL and NoSQL data stores},
  author={Cattell, Rick},
  journal={ACM SIGMOD Record},
  volume={39},
  number={4},
  pages={12--27},
  year={2011},
  publisher={ACM}
}

@book{george2011hbase,
  title={HBase: The definitive guide},
  author={George, Lars},
  year={2011},
  publisher={O'Reilly Media, Inc.}
}

@misc{HDFSarchitecture,
  author = {Dhruba Borthakur},
  title = {HDFS Architecture},
  year = {June 2012},
  note = {\url{http://hadoop.apache.org/common/docs/r0.20.0/hdfs_design.html}}
}

@misc{ApacheZooKeeper,
  author =   {The {A}pache {S}oftware {F}oundation},
  title =    {Apache ZooKeeper web page},
  year =     {January 2012},
  note =     {\url{http://zookeeper.apache.org/}. Accessed 15.5.2013.}
}

@inproceedings{hunt2010zookeeper,
  title={ZooKeeper: wait-free coordination for internet-scale systems},
  author={Hunt, Patrick and Konar, Mahadev and Junqueira, Flavio P and Reed, Benjamin},
  booktitle={Proceedings of the 2010 USENIX conference on USENIX annual technical conference},
  volume={8},
  pages={11--11},
  year={2010}
}

@inproceedings{junqueira2011zab,
  title={Zab: High-performance broadcast for primary-backup systems},
  author={Junqueira, Flavio P and Reed, Benjamin C and Serafini, Marco},
  booktitle={Dependable Systems \& Networks (DSN), 2011 IEEE/IFIP 41st International Conference on},
  pages={245--256},
  year={2011},
  organization={IEEE}
}

@article{o1996log,
  title={The log-structured merge-tree (LSM-tree)},
  author={O'Neil, Patrick and Cheng, Edward and Gawlick, Dieter and O'Neil, Elizabeth},
  journal={Acta Informatica},
  volume={33},
  number={4},
  pages={351--385},
  year={1996},
  publisher={Springer}
}

@misc{EC96,
  author =	 {{European Commission}},
  title =	 {Strategic Developments for the European Publishing
                  Industry towards the Year 2000 - Europe's Multimedia
                  Challenge},
  year =	 1996
}


@misc{ipdcforum_def,
  title =	 {About {IP} Datacasting - Overview},
  author =	 {{IPDC} Forum},
  year =     {2004},
  note =	 {{WWW} page of the IPDC Forum:
                  \url{http://www.bmcoforum.org/index.php?id=6}. Accessed
                   18 Feb 2004.}
}

@misc{RFC3550,
  author =	 {H. Schulzrinne and S. Casner and R. Frederic and
                  V. Jacobson},
  title =	 {{RFC} 3550: {RTP}: A Transport Protocol for Real-Time
                  Applications},
  insitution =	 {{IETF}},
  year =	 2003,
  month =	 {Jul},
  note =	 {Status: DRAFT STANDARD}
}

@techreport{IDReqNom03,
  author =	 {Y. Nomura and R. Walsh and J. Ott and
                  H. Schulzrinne},
  title =	 {Protocol Requirements for Internet Media Guides},
  institution =	 {{IETF}},
  year =	 {2003},
  type =	 {Internet Draft},
  month =	 {Dec},
  note =	 {Work in progress. Expires June, 2004},
  description =	 {Now (Oct 2003) it seems as if the Electronic Service
                  Guide ESG used in IP Datacasting will be based on
                  IMG},
  abstract =	 {This memo specifies requirements for a protocol for
                  accessing and updating Internet Media Guide (IMG)
                  information for media-on-demand and multicast
                  applications. These requirements are designed to
                  guide development of an IMG protocol for efficient
                  and scalable delivery.},
  url =           {http://www.ietf.org/internet-drafts/draft-ietf-mmusic-img-req-02.txt}
}

@techreport{FerryProblem,
  author =	 {Mika G��s and Tuukka Haapasalo and Leo Moisio},
  title =	 {Finding Hard Instances of the Ferry Problem},
  institution =	{Aalto {SCI}},
  year =	 {2010},
  type =	 {Course Report for the course {T-79.5203/S-72.2420} {G}raph Theory}
}

@phdthesis{HaapasaloThesis,
  author    = {Tuukka Haapasalo},
  title     = {Accessing Multiversion Data in Database Transactions},
  year      = {2010},
  school    = {Department of Computer Science and Engineering, Aalto University School of Science and Technology, Espoo, Finland},
  note      = {\url{http://lib.tkk.fi/Diss/2010/isbn9789526033600/}}
}

@misc{ThesisInstructions,
  author =   {{Aalto-yliopisto, Degree programme of Computer Science and Engineering}},
  title =    {Instruction pages: Diplomity�},
  year =     {2010},
  note =     {\url{http://information.tkk.fi/fi/opinnot/tietotekniikka/diplomityo/} (in Finnish),
              \url{http://information.tkk.fi/en/studies/cse/thesis/} (in English). Accessed 9.2.2011}
}


@misc{TeXLive,
  author =   {{TeX Users Group}},
  title =    {{TeX Live}},
  year =     {2010},
  note =     {\url{http://www.tug.org/texlive/}. Accessed 25.2.2011.}
}

@misc{MiKTeX,
  author =   {{Christian Schenk}},
  title =    {{MiKTeX}},
  year =     {2010},
  note =     {\url{http://miktex.org/}. Accessed 25.2.2011.}
}


@misc{TeXlipse,
  author =   {Taavi Hupponen and Kimmo Karlsson and Jani Laitinen and Oskar Ojala and Antti Pirinen and Esa Seuranen and Laura Takkinen and von Loesch, Boris and Vestb�, Tor Arne},
  title =    {{TeXlipse plugin for {E}clipse}},
  year =     {2010},
  note =     {\url{http://texlipse.sourceforge.net/}. Accessed 25.2.2011.}
}

@misc{Eclipse,
  author =   {{The Eclipse Foundation}},
  title =    {{Eclipse}},
  year =     {2011},
  note =     {\url{http://eclipse.org/}. Accessed 25.2.2011.}
}



@Misc{bibinstructions,
  author =	 {{Aalto University Library}},
  title =	 {Making a bibliography},
  howpublished = {webpage},
  month =	 {March 2},
  year =	 2011,
  note =     {\url{http://otalib.aalto.fi/en/instructions/guides/citations/bibliography/}. Accessed
                  4.2.2011},
  annote =	 {Introduction how to make bibliography either with
                  Harvard or Vancouver style}
}

@Misc{howfindinfo,
  author =	 {{Aalto University Library}},
  howpublished = {webpage},
  month =	 {March 2},
  year =	 2011,
  note =	 {How to find - brief guide to finding
                  publications and information. Accessed 4.3.2011},
  annote =	 {Introduction where in the library systems different
                  kind of publications are stored}
}

% Multiversion B-tree (MVBT)
@article{becker:1996:mvbt,
  author    = {B. Becker and S. Gschwind and T. Ohler and Bernhard Seeger and Peter Widmayer},
  title     = {{An asymptotically optimal multiversion B-tree}},
  journal   = {The VLDB Journal},
  volume    = 5,
  number    = 4,
  year      = 1996,
  pages     = {264--275}
}

% Transactional multiversion B-tree
@inproceedings{haapasalo:2009:tmvbt,
  author    = {Tuukka Haapasalo and Ibrahim Jaluta and Bernhard Seeger and Seppo Sippu and Eljas Soisalon-Soininen},
  title     = {Transactions on the multiversion {B$^+$}-tree},
  year      = {2009},
  booktitle = {Proceedings of the 12th Conference in Extending Database Technology},
  pages     = {1064--1075}
}
